@article{parret2016time,
  title={Time-domain damping models in structural acoustics using digital filtering},
  author={Parret-Fr{\'e}aud, Augustin and Cott{\'e}, Benjamin and Chaigne, Antoine},
  journal={Mechanical Systems and Signal Processing},
  volume={68},
  pages={587--607},
  year={2016}
}
@book{strikwerda2004,
author = {Strikwerda, John C.},
title = {Finite Difference Schemes and Partial Differential Equations, Second Edition},
publisher = {Society for Industrial and Applied Mathematics},
year = {2004},
doi = {10.1137/1.9780898717938}
}